@article{iaas,
  title={Cloud computing: A study of infrastructure as a service (IAAS)},
  author={Bhardwaj, Sushil and Jain, Leena and Jain, Sandeep},
  journal={International Journal of engineering and information Technology},
  volume={2},
  number={1},
  pages={60--63},
  year={2010}
}
@article{paas,
  title={Developing software online with platform-as-a-service technology},
  author={Lawton, George},
  journal={Computer},
  volume={41},
  number={6},
  pages={13--15},
  year={2008},
  publisher={IEEE}
}
@article{berkeley-view,
  title   = {Cloud programming simplified: A berkeley view on serverless computing},
  author  = {Jonas, Eric and Schleier-Smith, Johann and Sreekanti, Vikram and Tsai, Chia-Che and Khandelwal, Anurag and Pu, Qifan and Shankar, Vaishaal and Carreira, Joao and Krauth, Karl and Yadwadkar, Neeraja and others},
  journal = {arXiv preprint arXiv:1902.03383},
  year    = {2019}
}
@online{amazon,
  author = {{Amazon}},
  title  = {{AWS Lambda â€“ Serverless Compute - Amazon Web Services}},
  url    = {https://aws.amazon.com/lambda/},
  year   = {2020}
}
@online{ibm,
  author = {{IBM}},
  title  = {{IBM Cloud Functions}},
  url    = {https://cloud.ibm.com/functions},
  year   = {2020}
}
@online{microsoft,
  author = {{Microsoft}},
  title  = {{Microsoft Azure: Cloud Computing Services}},
  url    = {https://azure.microsoft.com/en-us/},
  year   = {2020}
}
@online{google,
  author = {{Google}},
  title  = {{Google Cloud: Cloud Computing Services}},
  url    = {https://cloud.google.com/},
  year   = {2020}
}
@online{openfaas,
  author = {{Openfaas}},
  title  = {{OpenFaaS - Serverless Functions Made Simple}},
  url    = {https://www.openfaas.com/},
  year   = {2020}
}
@online{kubeless,
  author = {{Kubeless}},
  title  = {{The Kubernetes Native Serverless Framework}},
  url    = {https://kubeless.io/},
  year   = {2020}
}
@online{knative,
  author = {{Knative}},
  title  = {{Kubernetes-based platform to deploy and manage modern serverless workloads.}},
  url    = {https://knative.dev/},
  year   = {2020}
}
@article{serverless-user-experience-1,
  title   = {Serverless computing: One step forward, two steps back},
  author  = {Hellerstein, Joseph M and Faleiro, Jose and Gonzalez, Joseph E and Schleier-Smith, Johann and Sreekanti, Vikram and Tumanov, Alexey and Wu, Chenggang},
  journal = {arXiv preprint arXiv:1812.03651},
  year    = {2018}
}
@inproceedings{serverless-user-experience-2,
  title     = {Pocket: Elastic ephemeral storage for serverless analytics},
  author    = {Klimovic, Ana and Wang, Yawen and Stuedi, Patrick and Trivedi, Animesh and Pfefferle, Jonas and Kozyrakis, Christos},
  booktitle = {13th $\{$USENIX$\}$ Symposium on Operating Systems Design and Implementation ($\{$OSDI$\}$ 18)},
  pages     = {427--444},
  year      = {2018}
}
@incollection{serverless-trends,
  title     = {Serverless computing: Current trends and open problems},
  author    = {Baldini, Ioana and Castro, Paul and Chang, Kerry and Cheng, Perry and Fink, Stephen and Ishakian, Vatche and Mitchell, Nick and Muthusamy, Vinod and Rabbah, Rodric and Slominski, Aleksander and others},
  booktitle = {Research Advances in Cloud Computing},
  pages     = {1--20},
  year      = {2017},
  publisher = {Springer}
}
@inproceedings{faasm,
  title     = {Faasm: lightweight isolation for efficient stateful serverless computing},
  author    = {Shillaker, Simon and Pietzuch, Peter},
  booktitle = {2020 $\{$USENIX$\}$ Annual Technical Conference ($\{$USENIX$\}$$\{$ATC$\}$ 20)},
  pages     = {419--433},
  year      = {2020}
}
@inproceedings{firecracker,
  title     = {Firecracker: Lightweight Virtualization for Serverless Applications},
  author    = {Agache, Alexandru and Brooker, Marc and Iordache, Alexandra and Liguori, Anthony and Neugebauer, Rolf and Piwonka, Phil and Popa, Diana-Maria},
  booktitle = {17th $\{$USENIX$\}$ Symposium on Networked Systems Design and Implementation ($\{$NSDI$\}$ 20)},
  pages     = {419--434},
  year      = {2020}
}
@misc{pool1,
title     = {Acquisition and maintenance of compute capacity},
author    = {Wagner, Timothy Allen},
year      = {2018},
month     = sep # {~4},
publisher = {Google Patents},
note      = {US Patent 10,067,801}
}
@inproceedings{pool2,
  title        = {Serverless computing: Design, implementation, and performance},
  author       = {McGrath, Garrett and Brenner, Paul R},
  booktitle    = {2017 IEEE 37th International Conference on Distributed Computing Systems Workshops (ICDCSW)},
  pages        = {405--410},
  year         = {2017},
  organization = {IEEE}
}
